<?xml version="1.0" encoding="UTF-8"?><collection xmlns="http://www.loc.gov/MARC21/slim"><record><leader>00442nam--2200145-i-4500</leader><controlfield tag="001">000048234</controlfield><controlfield tag="002">20161230</controlfield><controlfield tag="005">20161230201046</controlfield><controlfield tag="008">060222s1000------------r-----000-0-eng-d</controlfield><datafield ind1=" " ind2=" " tag="080"><subfield code="a">527</subfield></datafield><datafield ind1=" " ind2=" " tag="100"><subfield code="a">Zankel,Karl</subfield></datafield><datafield ind1=" " ind2=" " tag="245"><subfield code="a">Les problems thermiques poses par la rentree des vehicules spatiaux dans l`atmosphere</subfield></datafield><datafield ind1=" " ind2=" " tag="260"><subfield code="a">Saclay, Service Central De Documentation Du Cea, 1968. 34 P</subfield></datafield><datafield ind1=" " ind2=" " tag="490"><subfield code="a">Bibliographie, Cea-bib.-106</subfield></datafield><datafield ind1=" " ind2=" " tag="852"><subfield code="a">D.1021</subfield></datafield></record></collection>